<?xml version="1.0" encoding="UTF-8"?><collection xmlns="http://www.loc.gov/MARC21/slim"><record><leader>00524nam--2200193-i-4500</leader><controlfield tag="001">000047858</controlfield><controlfield tag="002">20161230</controlfield><controlfield tag="005">20161230201046</controlfield><controlfield tag="008">060222s1000------------r-----000-0-eng-d</controlfield><datafield ind1=" " ind2=" " tag="020"><subfield code="a">0262240157</subfield></datafield><datafield ind1=" " ind2=" " tag="040"><subfield code="a">IFIN-HH</subfield></datafield><datafield ind1=" " ind2=" " tag="080"><subfield code="a">535.42:778.4</subfield></datafield><datafield ind1="1" ind2=" " tag="100"><subfield code="a">Yu, Francis T.S</subfield></datafield><datafield ind1="1" ind2="0" tag="245"><subfield code="a">Introduction to diffraction, information processing, and holography</subfield><subfield code="c">Francis t.s. yu</subfield></datafield><datafield ind1=" " ind2=" " tag="260"><subfield code="a">Camridge</subfield><subfield code="b">The Mit Press</subfield><subfield code="c">1973</subfield></datafield><datafield ind1=" " ind2=" " tag="300"><subfield code="a">XII+366P</subfield></datafield><datafield ind1="0" ind2=" " tag="650"><subfield code="a">000000126</subfield></datafield><datafield ind1=" " ind2=" " tag="852"><subfield code="a">42222</subfield><subfield code="c">535</subfield></datafield><datafield ind1=" " ind2=" " tag="CAT"><subfield code="a">Sys</subfield><subfield code="c">20101104</subfield><subfield code="h">151310</subfield></datafield></record></collection>